% This file was created with Citavi 6.14.0.0

@book{Bartlett.2016,
 author = {Bartlett, Graham},
 year = {2016},
 title = {The Internet Key Exchange V2 Ikev2 Handbook: Understanding and deploying IKEv2, IPsec VPNs, and FlexVPN in Cisco IOS},
 address = {Indianapolis, Indiana},
 publisher = {{Cisco Systems}},
 isbn = {9781587144608}
}


@misc{Beier.17.08.2022,
 author = {Beier, Michael and Riesterer, Benedikt},
 year = {17.08.2022},
 title = {Full-VPN Anyconnect - Applikations-Infos - Komm.ONE Confluence},
 url = {https://confluence.komm-one.net/display/AP/Full-VPN+Anyconnect},
 urldate = {17.08.2022}
}


@misc{Beier.17.08.2022b,
 author = {Beier, Michael and Riesterer, Benedikt},
 year = {17.08.2022},
 title = {Full-VPN NCP - Applikations-Infos - Komm.ONE Confluence},
 url = {https://confluence.komm-one.net/display/AP/Full-VPN+NCP},
 urldate = {17.08.2022}
}


@book{Bock.2021,
 abstract = {As a Cybersecurity Professional, discover how to implement cryptographic techniques to help your organization mitigate the risks of altered, disclosed, or stolen data Key Features Discover how cryptography is used to secure data in motion as well as at rest Compare symmetric with asymmetric encryption and learn how a hash is used Get to grips with different types of cryptographic solutions along with common applications Book Description In today's world, it is important to have confidence in your data storage and transmission strategy. Cryptography can provide you with this confidentiality, integrity, authentication, and non-repudiation. But are you aware of just what exactly is involved in using cryptographic techniques? Modern Cryptography for Cybersecurity Professionals helps you to gain a better understanding of the cryptographic elements necessary to secure your data. The book begins by helping you to understand why we need to secure data and how encryption can provide protection, whether it be in motion or at rest. You'll then delve into symmetric and asymmetric encryption and discover how a hash is used. As you advance, you'll see how the public key infrastructure (PKI) and certificates build trust between parties, so that we can confidently encrypt and exchange data. Finally, you'll explore the practical applications of cryptographic techniques, including passwords, email, and blockchain technology, along with securely transmitting data using a virtual private network (VPN). By the end of this cryptography book, you'll have gained a solid understanding of cryptographic techniques and terms, learned how symmetric and asymmetric encryption and hashed are used, and recognized the importance of key management and the PKI. What you will learn Understand how network attacks can compromise data Review practical uses of cryptography over time Compare how symmetric and asymmetric encryption work Explore how a hash can ensure data integrity and authentication Understand the laws that govern the need to secure data Discover the practical applications of cryptographic techniques Find out how the PKI enables trust Get to grips with how data can be secured using a VPN Who this book is for This book is for IT managers, security professionals, students, teachers, and anyone looking to learn more about cryptography and understand why it is important in an organization as part of an overall security framework. A basic understanding of encryption and gen...},
 author = {Bock, Lisa},
 year = {2021},
 title = {Modern Cryptography for Cybersecurity Professionals},
 url = {https://learning.oreilly.com/library/view/-/9781838644352/?ar},
 address = {Erscheinungsort nicht ermittelbar and Boston, MA},
 edition = {1st edition},
 publisher = {{Packt Publishing} and Safari},
 isbn = {978-1-83864-435-2},
 institution = {{Safari, an O'Reilly Media Company}}
}


@book{Campo.2003,
 author = {Campo, Markus a. and Pohlmann, Norbert},
 year = {2003},
 title = {Virtual private networks: [secure remote access, tunneling im Internet, wirtschaftlicher Einsatz von VPNs]},
 price = {Pp. : EUR 34.95 (DE), EUR 36.00 (AT)},
 address = {Bonn},
 edition = {2., aktualisierte Aufl.},
 publisher = {mitp},
 isbn = {3-8266-0882-8}
}


@misc{CheckPointSoftware.21.07.2022,
 abstract = {Check Point Remote Access VPN provides secure access to remote users. Download a remote access client and connect to your corporate network from anywhere.},
 author = {{Check Point Software}},
 year = {21.07.2022},
 title = {Remote Access VPN - Check Point Software},
 url = {https://www.checkpoint.com/quantum/remote-access-vpn/},
 urldate = {24.08.2022}
}


@misc{Cisco.2022,
 author = {Cisco},
 year = {2022},
 title = {Cisco AnyConnect Secure Mobility Client},
 url = {https://www.cisco.com/c/de_de/products/security/anyconnect-secure-mobility-client/index.html},
 urldate = {24.08.2022}
}


@book{Dittmer.1995,
 author = {Dittmer, Gnode},
 year = {1995},
 title = {Managen mit Methode: Instrumente f{\"u}r individuelle L{\"o}sungen},
 address = {Wiesbaden},
 publisher = {{Gabler Verlag}},
 isbn = {9783663059295},
 doi = {10.1007/978-3-663-05929-5}
}


@misc{FfEMunchen.15.04.2022,
 abstract = {Eine Nutzwert-Analyse ist ein Analyse- und Bewertungsverfahren, welches bei komplexen Entscheidungssituationen zum Einsatz kommen kann.},
 author = {{FfE M{\"u}nchen}},
 year = {15.04.2022},
 title = {Was ist eine Nutzwert-Analyse? - FfE M{\"u}nchen},
 url = {https://www.ffe.de/veroeffentlichungen/was-ist-eine-nutzwert-analyse/},
 urldate = {15.08.2022}
}


@misc{Gries.29.08.2022,
 abstract = {Der Gas-Notfallplan der EU ist in Kraft getreten. Im Winter sollen freiwillig 15 Prozent Erdgas eingespart werden. Die IW gibt eine Prognose ab.},
 author = {Gries, Helena and Serif, Moritz and Akkoyun, Nail},
 year = {29.08.2022},
 title = {Gas-Notfallplan der EU ist in Kraft getreten},
 url = {https://www.fr.de/politik/gas-notfallplan-energiekrise-eu-russland-deutschland-ukraine-krieg-news-zr-91714341.html},
 urldate = {29.08.2022}
}


@article{Hahn.14.06.2021,
 abstract = {Flexible Arbeitszeiten und Homeoffice werden zu einer {\textquotedbl}W{\"a}hrung{\textquotedbl} im Kampf um Arbeitnehmer. Jungen Menschen ist dies sogar wichtiger als das Grundgehalt},
 author = {Hahn, Alexander},
 year = {14.06.2021},
 title = {Kein Homeoffice? Vor allem Millennials w{\"u}rden k{\"u}ndigen},
 url = {https://www.derstandard.de/story/2000127384728/kein-homeoffice-vor-allem-millennials-wuerden-kuendigen},
 urldate = {29.08.2022},
 pages = {1--2},
 number = {1},
 journal = {DER STANDARD}
}


@book{Hicks.2022,
 abstract = {Implement and support Windows 10 Always On VPN, the successor to Microsoft's popular DirectAccess. This book teaches you everything you need to know to test and adopt the technology at your organization that is widely deployed around the world. The book starts with an introduction to Always On VPN and discusses fundamental concepts and use cases to compare and contrast it with DirectAccess. You will learn the prerequisites required for implementation and deployment scenarios. The book presents the details of recommended VPN protocols, client IP address assignment, and firewall requirements. Also covered is how to configure Routing and Remote Access Service (RRAS) along with security and performance optimizations. The Configuration Service Provider (CSP) is discussed, and you will go through provisioning Always On VPN to Windows 10 clients using PowerShell and XML as well as Microsoft Intune. Details about advanced client configuration and integration with Azure security services are included. You will know how to implement Always On VPN infrastructure in a redundant and highly available (HA) configuration, and guidance for ongoing system maintenance and operational support for the VPN and NPS infrastructure is provided. And you will know how to diagnose and troubleshoot common issues with Always On VPN. After reading this book, you will be able to plan, design, and implement a Windows 10 Always On VPN solution to meet your specific requirements. You will: Prepare your infrastructure to support Windows 10 Always On VPN on premises or in the cloud Provision and manage Always On VPN clients using modern management methods such as Intune Understand advanced integration concepts for extending functionality with Microsoft Azure Troubleshoot and resolve common configuration and operational errors for your VPN.},
 author = {Hicks, Richard M.},
 year = {2022},
 title = {Implementing always on VPN: Modern mobility with Microsoft Windows 10 and Windows Server 2022},
 address = {Berkeley, CA},
 publisher = {Apress},
 isbn = {9781484277416},
 series = {Springer eBook Collection},
 doi = {10.1007/978-1-4842-7741-6}
}


@book{Kuhnapfel.2019,
 author = {K{\"u}hnapfel, J{\"o}rg B.},
 year = {2019},
 title = {Nutzwertanalysen in Marketing und Vertrieb},
 address = {Wiesbaden},
 edition = {2. Auflage 2019},
 publisher = {{Springer Fachmedien Wiesbaden}},
 isbn = {3658251646},
 series = {essentials},
 institution = {{Springer Fachmedien Wiesbaden}},
 doi = {10.1007/978-3-658-25164-2}
}


@misc{o.V..17.08.2022,
 abstract = {Geschichte der kommunalen Datenverarbeitung in Baden-W{\"u}rttemberg},
 author = {{o. V.}},
 editor = {Komm.One},
 year = {17.08.2022},
 title = {Historie der Firma Komm.One},
 url = {https://www.komm.one/wer-wir-sind/historie},
 urldate = {17.08.2022}
}


@misc{o.V..2020,
 abstract = {Lizenz- und Maintenancebedingungen f{\"u}r die NCP Software L{\"o}sungen},
 author = {{o. V.}},
 year = {2020},
 title = {Lizenzmodelle},
 url = {https://www.ncp-e.com/de/produkte/lizenzmodelle/},
 urldate = {24.08.2022}
}


@book{OccupyTheWeb.2019,
 abstract = {{\textquotedbl}Builds a foundation of Linux skills; this guide also addresses MySQL, postgresql, and Python scripting. Provides access to numerous real-world examples and hands-on exercises{\textquotedbl}--



Getting started with the basics -- Text manipulation -- Analyzing and managing networks -- Adding and removing software -- Controlling file and directory permissions -- Process management -- Managing user environment variables -- Bash scripting -- Compressing and archiving -- Filesystem and storage device management -- The logging system -- Using and abusing services -- Security and anonymity -- Wireless networking -- Linux kernel and drivers -- Scheduling jobs -- Python scripting basics},
 author = {OccupyTheWeb},
 year = {2019},
 title = {Linux basics for hackers: Getting started with networking, scripting, and security in Kali},
 address = {San Francisco},
 edition = {First edition},
 publisher = {{No Starch Press}},
 isbn = {1593278551}
}


@misc{PhilippsUniversitatMarburg.03.08.2013,
 abstract = {R{\"a}umliche Entscheidungsfindung: Methoden zur Bestimmung der Gewichte. Gewichtung nach Ranglisten. Vertiefung Rangliste. Vor- und Nachteile Rangliste. Gewichtung durch Rating. Vertiefung Rating.... Vor- und Nachteile Rating. Raster- oder Vektor-Overlay in der Eignungsanalyse? Vorteile von Vektor-Overlay: Vorteile von Raster-Overlay: Kritische Diskussion der Gewichtungsmethoden. Bearbeiten Sie...},
 author = {{Philipps Universit{\"a}t Marburg}},
 year = {03.08.2013},
 title = {Methoden zur Bestimmung der Gewichte},
 url = {https://minibsc.gis-ma.org/GISBScL4/de/html/GISBSc_VL4_V_lo3.html},
 urldate = {15.08.2022}
}


@book{Pohlmann.2022,
 author = {Pohlmann, Norbert},
 year = {2022},
 title = {Cyber-Sicherheit: Das Lehrbuch f{\"u}r Konzepte, Prinzipien, Mechanismen, Architekturen und Eigenschaften von Cyber-Sicherheitssystemen in der Digitalisierung},
 url = {http://www.springer.com/},
 price = {(Festeinband : EUR 32.99 (DE), circa EUR 33.92 (AT), circa CHF 36.50 (freier Preis), circa EUR 30.83)},
 address = {Wiesbaden},
 edition = {2. Auflage},
 publisher = {{Springer Vieweg}},
 isbn = {978-3-658-36242-3},
 institution = {{Springer Vieweg}},
 doi = {10.1007/978-3-658-36243-0}
}


@article{Prof.Dr.JanLies.14.02.2018,
 abstract = {Harte Faktoren (hard facts) lassen sich in betriebswirtschaftlichen Kennzahlen wie Kosten, Kapitalumschlag oder Durchlaufszeiten ausdr{\"u}cken. Man spricht von {\"o}konomischer Objektivierung durch Kennziffern. Zu den weichen Faktoren (soft facts) z{\"a}hlen Images, Stimmungen, aber auch Wissen und daraus resultierendes Verhalten (De-/Motivation) sowie Handlungsweisen (Unterst{\"u}tzung/Widerstand).},
 author = {{Prof. Dr. Jan Lies}},
 year = {14.02.2018},
 title = {Definition: harte und weiche Faktoren},
 url = {https://wirtschaftslexikon.gabler.de/definition/harte-und-weiche-faktoren-52688},
 urldate = {29.08.2022},
 pages = {1--2},
 number = {1},
 journal = {Springer Fachmedien Wiesbaden GmbH}
}


@book{Stewart.2021,
 author = {Stewart, J. Michael and Kinsey, Denise},
 year = {2021},
 title = {Network security, firewalls and VPNs},
 address = {Burlington},
 edition = {3. ed.},
 publisher = {{Jones {\&} Bartlett}},
 isbn = {9781284183658}
}


@article{Thaler.28.07.2022,
 abstract = {B{\"u}ros werden nicht geheizt, Strom wird gespart: Bis zu f{\"u}nf Prozent des Energieverbrauchs k{\"o}nnte Deutschland laut Experten durch Homeoffice in der Energiekrise sparen.},
 author = {Thaler, Claudia},
 year = {28.07.2022},
 title = {Energiekrise: Experten sehen Energiesparpotenzial durch Homeoffice},
 url = {https://www.zeit.de/wirtschaft/2022-07/homeoffice-sparen-energie-experten-gas?utm_referrer=https%3A%2F%2Fwww.google.com%2F},
 urldate = {29.08.2022},
 pages = {1--2},
 journal = {Die Zeit}
}


@misc{vanAerssen.17.08.2022,
 abstract = {Benno van Aerssen trainert Brainstorming und schafft auch das n{\"o}tige kulturelle Fundament im Team.},
 author = {{van Aerssen}, Benno},
 year = {17.08.2022},
 title = {Brainstorming Kreativit{\"a}tstechnik Ideenfindung - Ideenfindung},
 url = {https://www.ideenfindung.de/Brainstorming-Kreativit%C3%A4tstechnik-Ideenfindung.html},
 urldate = {17.08.2022}
}


@book{WHITMAN.2012,
 author = {WHITMAN, MICHAEL E. and Mattord, Herbert J. and Green, Andrew},
 year = {2012},
 title = {Guide to firewalls and VPNs},
 price = {pbk. : EUR 123.66},
 address = {Andover},
 edition = {3. ed., internat. ed.},
 publisher = {{CENGAGE LEARNING}},
 isbn = {9781111308483}
}


@book{WHITMAN.2018,
 author = {WHITMAN, MICHAEL E.},
 year = {2018},
 title = {Guide to Firewalls and VPNs},
 address = {Andover},
 publisher = {{CENGAGE LEARNING}},
 isbn = {1305501144}
}


@misc{Wikipedia.2022,
 abstract = {Die Nutzwertanalyse (NWA; auch Punktwertverfahren, Punktbewertungsverfahren oder Scoring-Modell genannt) geh{\"o}rt zu den qualitativen, nicht-monet{\"a}ren Analysemethoden der Entscheidungstheorie. Die Nutzwertanalyse ist eine Methodik, welche die Entscheidungsfindung bei komplexen Problemen rational unterst{\"u}tzen soll. Sie ist ein relativ altes Verfahren, das seine Urspr{\"u}nge in der volkswirtschaftlichen {\glqq}Utility Analysis{\grqq} hat und im deutschsprachigen Raum durch Zangemeister (1976) bekannt wurde. W{\"a}hrend die Kosten-Nutzen-Analyse verschiedene Kriterien nur unter Effizienzgesichtspunkten betrachtet, bewertet die Nutzwertanalyse die Effektivit{\"a}t bzw. den Outcome. Die Nutzwertanalyse findet {\"u}berall dort Anwendung, wo eine Beurteilung auf Basis mehrerer quantitativer und qualitativer Kriterien, Zielen oder Bedingungen getroffen werden muss, so etwa im Controlling, im Projektmanagement, in der Volkswirtschaftslehre oder im Vergaberecht. Die NWA ist die {\glqq}Analyse einer Menge komplexer Handlungsalternativen mit dem Zweck, die Elemente dieser Menge entsprechend den Pr{\"a}ferenzen des Entscheidungstr{\"a}gers bez{\"u}glich eines multidimensionalen Zielsystems zu ordnen. Die Abbildung der Ordnung erfolgt durch die Angabe der Nutzwerte (Gesamtwerte) der Alternativen.{\grqq}Eine NWA wird h{\"a}ufig erstellt, wenn {\glqq}weiche{\grqq} Kriterien vorliegen, anhand derer zwischen verschiedenen Alternativen eine Entscheidung gef{\"a}llt werden muss.},
 editor = {Wikipedia},
 year = {2022},
 title = {Nutzwertanalyse},
 url = {https://de.wikipedia.org/w/index.php?title=Nutzwertanalyse&oldid=222375181},
 urldate = {15.08.2022},
 file = {Wikipedia (Hg.) 2022 - Nutzwertanalyse:Attachments/Wikipedia (Hg.) 2022 - Nutzwertanalyse.pdf:application/pdf}
}


