% This file was created with Citavi 6.14.0.0

@book{.2022,
 year = {2022},
 title = {Konjunktur und Krise. Jahrgang 10, Heft 4},
 address = {Berlin/Boston},
 edition = {Reprint 2022},
 publisher = {{De Gruyter}},
 isbn = {9783112645604}
}


@misc{Aichinger.2022,
 author = {Aichinger, Daniel},
 year = {2022},
 title = {Mikro{\"o}konomik {\&} Makro{\"o}konomik Teil II: Hochschulskript},
 address = {Stuttgart},
 institutions = {{DHBW Stuttgart}}
}


@book{Andor.2021,
 author = {Andor, L{\'a}szl{\'o} and Bibow, J{\"o}rg and Bischoff, Gabriele and Botsch, Andreas and Brand, Helmut and Dullien, Sebastian and Geier, Jens and Goyens, Monique and Gu{\'e}rot, Ulrike and Hacker, Bj{\"o}rn and Heimberger, Philipp and Hemerijck, Anton and Herfkens, Eveline and Hoffmann, Reiner and Horn, Gustav and Huguenot-No{\"e}l, Robin and Kiziltepe, Cansel and Krlev, Gorgi and Lambertz, Karl-Heinz and Lemb, Wolfgang and Marques, Margarida and Miersch, Matthias and Moch, Frederik and Nemitz, Paul and Pettifor, Ann and Pfeffer, Matthias and Praetorius, Barbara and Reyna, Agustin and R{\"o}pke, Oliver and Schuster, Joachim and Schwarzel{\"u}hr-Sutter, Rita and Tang, Paul and Truger, Achim and Wagner, Lisa Maria and Walter-Borjans, Norbert and Watzka, Sebastian and Ziegler, Astrid},
 year = {2021},
 title = {Europa.Besser.Machen: Vorschl{\"a}ge f{\"u}r eine progressive Wirtschaftspolitik},
 keywords = {5307: 5307 verschiedene Politikfelder;5390: 5390 Politik E-Book;Corona-Pandemie;EU;Euro;europa;Europ{\"a}ische Integration;Europ{\"a}ische Union;FES;Finanzkrise;Friedrich-Ebert-Stiftung;Geldpolitik;Green New Deal;Industriepolitik;Klimapolitik;Soziale Gerechtigkeit;Sozialpolitik;Steuerpolitik;Tag der progessiven Wirtschaftspolitik;Wirtschaftskrise;Wirtschaftspolitik},
 address = {Frankfurt am Main},
 publisher = {{Campus Verlag}},
 isbn = {9783593446813},
 institution = {{Campus Verlag}}
}


@book{ArbeitsgruppeAlternativeWirtschaftspolitik.2021,
 year = {2021},
 title = {Corona -- Lernen aus der Krise! Alternativen zur Wirtschaftspolitik},
 price = {Broschur : circa EUR 18.90 (DE), circa EUR 19.50 (AT)},
 keywords = {Alternative Wirtschaftspolitik;Arbeitsmarkt;Corona;COVID-19;Europ{\"a}ische Union;Finanzierung;Finanzpolitik;Keynes;Keynesianismus;Memogruppe;{\"O}konomie;Pandemie;Rentenpolitik;Steuerpolitik;Verkehrspolitik;Wirtschaftsdemokratie;Wirtschaftskrise;Wirtschaftspolitik},
 address = {K{\"o}ln},
 volume = {301},
 publisher = {{PapyRossa Verlag}},
 isbn = {9783894387556},
 series = {Neue kleine Bibliothek},
 institution = {{Arbeitsgruppe Alternative Wirtschaftspolitik} and {PapyRossa-Verlags-GmbH und Co. KG}}
}


@book{Barth.2022,
 author = {Barth, Tom},
 year = {2022},
 title = {Finanzkrise und Ver{\"a}nderungen ausgew{\"a}hlter Wohlfahrtssysteme in der EU},
 keywords = {Deutschland;Eurokrise;Europ{\"a}isches Semester;Finanzkrise;Politische {\"O}konomie;Sozialpolitik;Sozialstaat;Wirtschaftskrise;Wirtschaftspolitik;Wohlfahrtsregime;Wohlfahrtsstaat},
 address = {M{\"u}nchen},
 edition = {1. Auflage, digitale Originalausgabe},
 publisher = {{GRIN Verlag}},
 isbn = {9783346716521}
}


@book{Bartsch.2006,
 author = {Bartsch, Matthias and Eismann, Henryk},
 year = {2006},
 title = {Br{\"u}nings Wirtschaftspolitik: Ma{\ss}nahmen-Handlungsspielr{\"a}ume-Alternativen; eine Retrospektive zur Borchardt-Kontroverse},
 url = {https://core.ac.uk/download/pdf/236364463.pdf},
 file = {Br{\"u}ningsWirtschaftspolitik:Attachments/Br{\"u}ningsWirtschaftspolitik.pdf:application/pdf;Br{\"u}nings Wirtschaftspolitik 2006:Attachments/Br{\"u}nings Wirtschaftspolitik 2006.pdf:application/pdf}
}


@article{Baumgartner.2020,
 author = {Baumgartner, Josef and {Fink Marian} and Moreau, Caroline and Rocha-Akis, Silvia and Lapp{\"o}hn, Sarah and Plank, Kerstin and Schnabl, Alexander and {Weyerstrass Klaus}},
 year = {2020},
 title = {Wirkung der wirtschaftspolitischen Ma{\ss}nahmen zur Abfederung der COVID-19-Krise},
 pages = {1--98},
 file = {s{\_}2020{\_}wirkung{\_}ma{\ss}nahmen{\_}covid19{\_}66958{\$}:Attachments/s{\_}2020{\_}wirkung{\_}ma{\ss}nahmen{\_}covid19{\_}66958{\$}.pdf:application/pdf}
}


@book{Bauschke.2022,
 author = {Bauschke, Julia},
 year = {2022},
 title = {Europa unter Druck. Inwieweit hat sich die wirtschafts-, w{\"a}hrungs- und sozialpolitische Kompetenz der Europ{\"a}ischen Union ver{\"a}ndert?},
 keywords = {druck;europa;europ{\"a}ischen;Finanzkrise;inwieweit;Mitgliedsstaaten;Sozialpolitik;union;Wirtschaftspolitik},
 address = {M{\"u}nchen},
 edition = {1. Auflage},
 publisher = {{GRIN Verlag}},
 isbn = {9783346611710}
}


@book{Biesecker.2009,
 author = {Biesecker, Adelheid and Michalitsch, Gabriele and Reiner, Sabine and Stiegler, Barbara and Young, Brigitte},
 year = {2009},
 title = {Antworten aus der feministischen {\"O}konomie auf die globale Wirtschafts- und Finanzkrise: Tagungsdokumentation der Friedrich-Ebert-Stiftung},
 address = {Bonn},
 publisher = {{Friedrich-Ebert-Stiftung Abt. Wirtschafts- und Sozialpolitik}},
 isbn = {978-3-86872-193-5},
 series = {Arbeitsbereich Frauen- und Geschlechterforschung},
 institution = {Friedrich-Ebert-Stiftung}
}


@book{Brunnermeier.2021,
 author = {Brunnermeier, Markus Konrad},
 year = {2021},
 title = {Die resiliente Gesellschaft: Wie wir k{\"u}nftige Krisen besser meistern k{\"o}nnen},
 price = {Festeinband : EUR 20.00 (DE), EUR 20.60 (AT)},
 keywords = {Astra Zeneca;BioNTech;Corona-Krise;Corona-Virus;COVAX;COVID-19;CureVac;EU;Hans-Werner Sinn;Impfstoffe;Inflation;Kahnemann;Lockdown;Long Covid;Moderna;Nassim Taleb;{\"O}konomie;Pandemie;Resilienz;Schock;Schulden;Verhaltens{\"o}konomie;Weltwirtschaft;WHO;Wirtschaftliches Verhalten;Wirtschaftskrise;Wirtschaftsnobelpreis;Wirtschaftspolitik},
 address = {Berlin},
 edition = {1. Auflage},
 publisher = {Aufbau},
 isbn = {9783351039257},
 institution = {Aufbau-Verlag}
}


@book{Bucker.2022,
 author = {B{\"u}cker, Denise},
 year = {2022},
 title = {Wirtschaftspolitik in Zeiten der Corona Krise},
 keywords = {Corona;COVID-19;Deutschland;Krise;Pandemie;Soziale Marktwirtschaft;Wirtschaftspolitik;zeiten},
 address = {M{\"u}nchen},
 edition = {1. Auflage},
 publisher = {{GRIN Verlag}},
 isbn = {9783346649089}
}


@article{Dohrn.,
 author = {D{\"o}hrn, Roland and Kambeck, Rainer and Schmidt, Christoph},
 title = {Senkt die Einkommenssteuer jetzt!},
 pages = {1--12},
 number = {28},
 journal = {RWI: Positionen}
}


@book{Dullien.2019,
 year = {2019},
 title = {Makro{\"o}konomie im Dienste der Menschen: Festschrift f{\"u}r Gustav A. Horn},
 price = {Gb. : EUR 48.00 (DE), EUR 49.40 (AT)},
 address = {Marburg},
 volume = {Band 14},
 publisher = {Metropolis-Verlag},
 isbn = {9783731614067},
 series = {Schriften der Keynes-Gesellschaft},
 editor = {Dullien, Sebastian and Hagemann, Harald and Joebges, Heike and Logeay, Camille and Rietzler, Katja}
}


@book{Egle.2010,
 year = {2010},
 title = {Die zweite Gro{\ss}e Koalition: Eine Bilanz der Regierung Merkel 2005 - 2009},
 price = {PB. : ca. EUR 34.90},
 address = {Wiesbaden},
 edition = {1. Aufl.},
 publisher = {{VS Verl. f{\"u}r Sozialwiss}},
 isbn = {978-3-531-16796-1},
 editor = {Egle, Christoph and Zohlnh{\"o}fer, Reimut}
}


@book{Eibner.2022,
 author = {Eibner, Wolfgang},
 year = {2022},
 title = {Volkswirtschaft und Wirtschaftspolitik, Band 1: Aktuelle Volkswirtschaftslehre: 3. Auflage, 2022 - Das erste VWL-Lehrbuch mit aktuellem Bezug zur Corona-Krise},
 keywords = {Corona;Geldpolitik;Globalisierung;Krise;Ordnungspolitik;Volkseinkommen;Volkswirtschaft;Volkswirtschaftslehre;Wirtschaftsgeschichte;Wirtschaftsingenieur;Wirtschaftskrisen;Wirtschaftspolitik},
 address = {Berlin},
 edition = {3. Auflage},
 volume = {1},
 publisher = {epubli},
 isbn = {9783754939666},
 series = {Volkswirtschaft und Wirtschaftspolitik in 2 B{\"a}nden}
}


@book{EuropeanEconomistsforanAlternativeEconomicPolicyinEurope.2022,
 year = {2022},
 title = {Zwischen Coronakrise und Ukraine-Krieg: Die EU im Jahr 2022},
 keywords = {europa;Gesundheitspolitik;Gewalt},
 address = {Hamburg},
 volume = {2022},
 publisher = {{VSA Verlag}},
 isbn = {9783964881595},
 series = {EuroMemo},
 institution = {{European Economists for an Alternative Economic Policy in Europe}}
}


@article{Fehl.2010,
 author = {Fehl, Ulrich},
 year = {2010},
 title = {Die Finanzmarktkrise und m{\"o}gliche Konsequenzen f{\"u}r die Wirtschaftspolitik},
 pages = {173--175},
 volume = {60},
 number = {3},
 issn = {2366-0414},
 journal = {Zeitschrift f{\"u}r das gesamte Genossenschaftswesen},
 doi = {10.1515/zfgg-2010-0301}
}


@article{Gartner.2021,
 author = {Gartner, Hermann and Hutter, Christian and Weber, Enzo},
 year = {2021},
 title = {Gro{\ss}e Rezession und Corona-Krise: Wie der Arbeitsmarkt zwei sehr unterschiedliche Krisen bew{\"a}ltigt},
 pages = {1--8},
 number = {27/2021},
 journal = {IAB-Kurzbericht}
}


@misc{Gromling.2020,
 abstract = {EconStor ist ein Publikationsserver f{\"u}r wirtschaftswissenschaftliche Fachliteratur und wird von der ZBW -- Leibniz-Informationszentrum Wirtschaft als {\"o}ffentliche Informationsinfrastruktur betrieben.},
 author = {Gr{\"o}mling, Michael and H{\"u}ther, Michael and Beznoska, Martin and Demary, Markus},
 date = {2020},
 title = {Wirtschaftspolitische Antworten auf die Corona-Krise: Liquidit{\"a}t hat Vorrang!},
 url = {https://www.econstor.eu/handle/10419/214857},
 number = {4/2020},
 series = {IW-Policy Paper},
 institution = {{K{\"o}ln: Institut der deutschen Wirtschaft (IW)}},
 file = {Liquidit{\"a}tHatVorrang:Attachments/Liquidit{\"a}tHatVorrang.pdf:application/pdf;Gr{\"o}mling, H{\"u}ther et al. 2020 - Wirtschaftspolitische Antworten auf die Corona-Krise:Attachments/Gr{\"o}mling, H{\"u}ther et al. 2020 - Wirtschaftspolitische Antworten auf die Corona-Krise.pdf:application/pdf}
}


@article{Gromling.2022,
 author = {Gr{\"o}mling, Michael and Hentze, Tobias and Sch{\"a}fer, Holger},
 year = {2022},
 title = {Wirtschaftliche Auswirkungen der Corona-Pandemie in Deutschland},
 pages = {41--73},
 number = {1},
 issn = {0941-6838},
 journal = {IW Trends},
 doi = {10.2373/1864-810X.22-01-03}
}


@book{Grundler.April2020,
 abstract = {Die Coronakrise verlangt gegenw{\"a}rtig expansive Fiskalpolitik. Diese Strategie ist unbestritten. Deutschland verf{\"u}gt {\"u}ber die n{\"o}tigen Spielr{\"a}ume f{\"u}r diese expansive Fiskalpolitik -- nicht zuletzt deshalb, weil Fiskalregeln wie die deutsche Schuldenbremse den Grundstein f{\"u}r eine nachhaltige Fiskalpolitik gelegt haben. Diese Spielr{\"a}ume k{\"o}nnen nun zur Linderung der gegenw{\"a}rtigen Rezession genutzt werden. Die realwirtschaftlichen Effekte von Fiskalregeln werden intensiv diskutiert. Zwei Theorien stehen sich gegen{\"u}ber. Zum einen k{\"o}nnen Fiskalregeln durch die Reduktion der Staatsverschuldung und der Schaffung eines nachhaltigen und stabilen Staatshaushaltes positive Wachstumseffekte ausl{\"o}sen. F{\"u}hren Fiskalregeln allerdings zu einer Reduktion {\"o}ffentlicher Investitionen, so wird das Wirtschaftswachstum gebremst. Unsere neue Studie zeigt, dass Fiskalregeln das Wirtschaftswachstum nicht gebremst haben -- sofern sie in der Verfassung verankert waren. Dies gilt sowohl f{\"u}r nationale als auch f{\"u}r regionale Fiskalregeln. Deutschland muss nach Bew{\"a}ltigen der Coronakrise langfristig zu einer nachhaltigen Fiskalpolitik im Rahmen der Schuldenbremse zur{\"u}ckkehren. Die Coronakrise zeigt, wie unvermittelt Krisen auftreten k{\"o}nnen, die bei unzureichender Vorsorge nicht zu bew{\"a}ltigen w{\"a}ren. Auch {\"u}berdeckt die bis vor Kurzem noch sehr positive Haushaltslage der Bundesrepublik die Tatsache, dass es im Zuge des demografischen Wandels in naher Zukunft zu einer drastischen Ver{\"a}nderung des Verh{\"a}ltnisses zwischen Besch{\"a}ftigten und Rentnern kommen wird. Diese Ver{\"a}nderung wird den Bundeshaushalt vor gro{\ss}e Herausforderungen stellen.



The corona crisis currently requires expansionary fiscal policy. This strategy is undisputed. Germany has the necessary scope for this expansionary fiscal policy because fiscal rules such as the German debt have laid the foundation for a sustainable budget policy. These margins can now be used to alleviate the current recession. The real economic effects of fiscal rules are intensively discussed. On the one hand, fiscal rules may trigger positive growth effects by reducing public debt and creating a sustainable and stable government budget. On the other hand, if fiscal rules lead to a reduction in public investment, economic growth will be slowed down. Our new study shows that fiscal rules have not declined economic growth - provided that they were adopted in the constitution. This applies to both national and regional fiscal rules. Germany must return to a sustainable long-term fiscal policy in compliance with the debt brake once the crisis has been overcome. The corona crisis illustrates how abrupt crises can occur that would not be manageable from a fiscal policy point of view if inadequate provision was made. The positive budgetary situation of the past years also hides the fact that the demographic change will lead to a drastic change in the relationship between employees and pensioners in the near future. This change will pose major challenges for the federal budget.},
 author = {Gr{\"u}ndler, Klaus and Potrafke, Niklas},
 year = {April 2020},
 title = {Fiskalregeln und Wirtschaftswachstum: Wirtschaftspolitische Einsch{\"a}tzungen nach Erfolgen durch restriktive Fiskalregeln und expansiven Ma{\ss}nahmen w{\"a}hrend der Coronakrise : Forschungsbericht im Auftrag der Initiative Neue Soziale Marktwirtschaft},
 url = {http://www.ifo.de/DocDL/ifo_Forschungsberichte_110_2020_Fiskalregeln-Wirtschaftswachstum.pdf},
 address = {M{\"u}nchen},
 volume = {110 (2020)},
 publisher = {{ifo Institut}},
 isbn = {9783959420808},
 series = {ifo-Forschungsberichte},
 doi = {223223},
 file = {Gr{\"u}ndler, Potrafke April 2020 - Fiskalregeln und Wirtschaftswachstum:Attachments/Gr{\"u}ndler, Potrafke April 2020 - Fiskalregeln und Wirtschaftswachstum.pdf:application/pdf}
}


@article{Henzel.2019,
 author = {Henzel, Steffen and H{\"u}lsewig, Oliver},
 year = {2019},
 title = {Ein Neukeynesianisches Modell mit Banken f{\"u}r die Lehre},
 pages = {31--37},
 volume = {48},
 number = {9},
 issn = {0340-1650},
 journal = {WiSt - Wirtschaftswissenschaftliches Studium}
}


@book{Hijzen.2022,
 author = {Hijzen, Alexander and Salvatori, Andrea},
 year = {2022},
 title = {Die Auswirkungen der COVID-19-Krise auf unterschiedliche sozio{\"o}konomische Gruppen und die Rolle der Kurzarbeit: Das Beispiel der Schweiz},
 url = {https://www.seco.admin.ch/dam/seco/de/dokumente/Publikationen_Dienstleistungen/Publikationen_Formulare/Arbeit/Arbeitsmarkt/Arbeitsmarktforschung/oecd_studie_kurzarbeit_de.pdf},
 address = {Bern},
 volume = {Nr. 37},
 publisher = {{Staatssekretariat f{\"u}r Wirtschaft SECO}},
 series = {Grundlagen f{\"u}r die Wirtschaftspolitik Arbeitsmarktstudie (Oktober 2022)},
 institution = {Schweiz and OECD},
 file = {oecd{\_}studie{\_}kurzarbeit{\_}de:Attachments/oecd{\_}studie{\_}kurzarbeit{\_}de.pdf:application/pdf}
}


@incollection{Huther.2019,
 author = {H{\"u}ther, Michael},
 title = {Makropolitik nach der Krise: Konzentration auf das Wesentliche},
 pages = {55--65},
 publisher = {Metropolis-Verlag},
 isbn = {9783731614067},
 series = {Schriften der Keynes-Gesellschaft},
 editor = {Dullien, Sebastian and Hagemann, Harald and Joebges, Heike and Logeay, Camille and Rietzler, Katja},
 booktitle = {Makro{\"o}konomie im Dienste der Menschen},
 year = {2019},
 address = {Marburg}
}


@misc{IABForum.2020,
 abstract = {Die Corona-Krise trifft den Arbeitsmarkt schon jetzt deutlich h{\"a}rter als die Finanzkrise von 2009. Es gibt allerdings entscheidende Unterschiede.},
 author = {IAB-Forum},
 year = {2020},
 title = {Kurzarbeit, Entlassungen, Neueinstellungen: Wie sich die Corona-Krise von der Finanzkrise 2009 unterscheidet - IAB-Forum},
 url = {https://www.iab-forum.de/kurzarbeit-entlassungen-neueinstellungen-wie-sich-die-corona-krise-von-der-finanzkrise-2009-unterscheidet/},
 urldate = {09.12.2022}
}


@book{Illing.2013,
 abstract = {Die Finanzkrise scheint derzeit omnipr{\"a}sent. Doch wo liegen deren Urspr{\"u}nge und Ursachen? Falk Illing skizziert in diesem Buch eine Chronologie der Finanzkrise in Deutschland seit 2007 und fasst die wichtigsten Ereignisse, Entscheidungen und Ma{\ss}nahmen bis zum Jahr 2012 zusammen. Vor dem Hintergrund der internationalen Finanznot beleuchtet er die Rolle der deutschen Politik und ihrer Anstrengungen w{\"a}hrend der gr{\"o}{\ss}ten Turbulenzen seit der Weltwirtschaftskrise der 1930er Jahre. Dabei werden die Entscheidungen nicht einzeln betrachtet, sondern in die gesamte politische Diskussion eingeordnet und die Beziehungen einzelner Staaten und wirtschaftspolitischer Akteure herausgearbeitet. Im Mittelpunkt stehen zudem bisher kaum beachtete Risiken f{\"u}r die finanzielle Belastung Deutschlands, die sich aus dem Krisenmanagement der EZB ergeben.



Intro -- Inhalt -- Abk{\"u}rzungsverzeichnis -- Einleitung -- Chronologie der Finanzkrise seit 2007 -- 1 Die Bankenkrise 2007 - 2009 -- 2012 -- 1.1 Vor der Bankenkrise: Von der Dotcom- zur Subprimekrise -- 1.2 Die Rolle der US-amerikanische Regulierung vor der Subprime-Krise -- 1.3 Deutsche Banken im US-Immobiliengesch{\"a}ft -- 1.4 Der Auftakt der Bankenkrise: Finanzmarktinstabilit{\"a}ten -- 1.5 Deutschland im Sog der Finanzmarktinstabilit{\"a}ten -- 1.6 Ausbruch der Bankenkrise durch Lehman Brothers -- 1.7 Das 1. Ma{\ss}nahmenpaket der Bundesregierung -- 1.8 Das 2. Ma{\ss}nahmenpaket der Bundesregierung -- 1.9 Das 3. Ma{\ss}nahmenpaket der Bundesregierung -- 1.10 Das 4. Ma{\ss}nahmenpaket der Bundesregierung -- 1.11 Das 5. Ma{\ss}nahmenpaket der Bundesregierung -- 1.12 Die Bankenkrise in Deutschland - eine Bilanz -- 2 Die Wirtschaftskrise 2008 - 2009 -- 2.1 Infektion der Realwirtschaft: Einbruch der deutschen {\"O}konomie -- 2.2 Die Konjunkturpakete der Bundesregierung -- 2.3 Die Kreditklemme -- 2.4 Deutsche Firmen im Sog der Wirtschaftskrise -- 2.5 Probleme der Prognose: R{\"a}tsel um den Zustand der deutschen Wirtschaft -- 2.6 Das Ende der Wirtschaftskrise in Deutschland - eine Bilanz -- 3 Die Schuldenkrise seit 2009 -- 3.1 Vor der Schuldenkrise: Das Regelwerk von Maastricht -- 3.2 Griechenlands Insolvenz als Auftakt der Schuldenkrise -- 3.3 Das erste Hilfspaket f{\"u}r Griechenland -- 3.4 Der provisorische Stabilit{\"a}tsmechanismus (EFSF) -- 3.5 Die Erweiterung der EFSF -- 3.6 Schuldenschnitt und zweites Hilfspaket f{\"u}r Griechenland I -- 3.7 Europ{\"a}ische Initiativen und deutscher Widerstand -- 3.8 Die missgl{\"u}ckte Hebelung der EFSF -- 3.9 Die Etablierung der europ{\"a}ischen Schuldenkrise -- 3.10 Schuldenschnitt und zweites Hilfspaket f{\"u}r Griechenland II -- 3.11 Deutsches Management der europ{\"a}ischen Schuldenkrise -- 3.12 Drittes Hilfspaket, zweiter Schuldenschnitt und unbegrenzter ESM?.},
 author = {Illing, Falk},
 year = {2013},
 title = {Deutschland in der Finanzkrise: Chronologie der Deutschen Wirtschaftspolitik 2007 - 2012},
 url = {https://ebookcentral.proquest.com/lib/kxp/detail.action?docID=1106123},
 address = {Wiesbaden},
 edition = {1st ed.},
 publisher = {{Springer Fachmedien Wiesbaden GmbH}},
 isbn = {978-3-531-19824-8}
}


@article{Kirchgassner.2009,
 abstract = {Is the economic and financial crisis also a crisis of Economics? From different perspectives, today there is rather harsh criticism of Economics as a Social Science. In this article, first, some of the recent failures of Economics are discussed. Then some of the criticisms are taken up that are less convincing, in particular criticisms of the application of the economic model of behaviour, the mathematisation of Economics and the principle of value freedom. The appropriate role of the government as well as of competition is discussed, and also which other consequences should be drawn for Economics as a science but also for economic policy. Finally, we debate whether there is, besides the economic crisis, really a crisis of Economics as well.},
 author = {Kirchg{\"a}ssner, Gebhard},
 year = {2009},
 title = {Die Krise der Wirtschaft: Auch eine Krise der Wirtschaftswissenschaften?},
 url = {https://www.degruyter.com/document/doi/10.1111/1468-2516.0317/html},
 pages = {436--468},
 volume = {10},
 number = {4},
 issn = {1468-2516},
 journal = {Perspektiven der Wirtschaftspolitik},
 doi = {10.1111/1468-2516.0317},
 file = {KriseDerWirtschaftswissenschaften:Attachments/KriseDerWirtschaftswissenschaften.pdf:application/pdf}
}


@book{Krall.2022,
 author = {Krall, Markus},
 year = {2022},
 title = {Freiheit oder Untergang: Warum Deutschland jetzt vor der Entscheidung steht},
 keywords = {Deutschland;Freiheit;Freiheitsrechte;Institutionenpolitik;Kontrollwahn;Krise;Marktwirtschaft;Politik;Rechtsstaatsgef{\"a}hrdung;Regulierung;Staatsversagen;Wirtschaftspolitik},
 address = {Leipzig and Frankfurt am Main},
 publisher = {{Deutsche Nationalbibliothek}}
}


@book{Laaser.2022,
 abstract = {Der Kieler Bundesausgabenmonitor stellt eine Erweiterung des Kieler Subventionsberichts dar. Es werden nicht nur die Finanzhilfen des Bundes dokumentiert, sondern die gesamten Bundesausgaben im Zeitraum von 2000 bis 2021. Dabei werden die Ausgaben nach einem funktionellen Gliederungsschema dargestellt, das Umverteilungsausgaben im weitesten Sinne, Ausgaben f{\"u}r Produktionsleistungen der Vergangenheit, Ausgaben mit Produktionseffekten in der laufenden Periode, Ausgaben mit Produktionseffekten in der Zukunft, auslandswirksame Zahlungen sowie Sonstiges umfasst. Die Autoren stellen fest, dass {\"u}ber den Beobachtungszeitraum hinweg die Sozialausgaben mit einem Anteilswert zwischen 35 und 40 Prozent der bereinigten Bundesausgaben dominieren. Auch haben am aktuellen Rand die Finanzhilfen deutlich zugenommen, die nunmehr mit knapp 19 Prozent auf dem zweiten Platz der Ausgabenkategorien rangieren. Daraus wird die Schlussfolgerung gezogen, dass die Neigung der politisch Verantwortlichen, Subventionen zu verteilen, im Gefolge der Corona-Krise deutlich zugenommen hat. In diesem Zusammenhang weisen die Autoren darauf hin, dass im Jahr 2021 der Bund aus dem Zukunftspaket Unternehmen mit knapp 20 Mrd. Euro zus{\"a}tzlich bezuschusst hat, die nicht als sachnotwendige Entsch{\"a}digungen infolge des Lockdowns gewertet werden k{\"o}nnen. Diese Mittel haben somit nicht der Stabilisierung der Wirtschaft in der Corona-Krise gedient, sondern haben als Mittel selektiver Industriepolitik eindeutig Finanzhilfecharakter. Vor dem Hintergrund der Einrichtung eines Sonderverm{\"o}gens f{\"u}r Verteidigungszwecke {\"u}ber 100 Mrd. Euro, regen die Autoren an, zur Gegenfinanzierung nicht nur die k{\"u}nftigen Generationen heranzuziehen, sondern auch laufende Subventionen abzubauen.



The Kiel Federal Expenditure Monitor is an extension of the Kiel Subsidy Report. It documents not only federal financial assistance but also total federal spending in the period from 2000 to 2021. The Expenditure Monitor presents spending according to a functional classification scheme that includes redistributive spending in the broadest sense, past output spending, current-period output spending, future-period output spending, outgoing payments, and other expenditures. The authors note that over the observation period, redistributive spending dominates with a share of between 35 and 40 percent of adjusted federal spending. Moreover, at the current edge, financial assistance has increased significantly, now ranking second among expenditure categories at just under 19 percent. From these findings the authors conclude that the propensity of policymakers to distribute subsidies has increased significantly in the wake of the Corona crisis. In this context, the authors point out that in 2021 the federal government subsidized companies to the tune of almost EUR 20 billion additionally from the Future Package, which cannot be classified as material compensation as a result of the lockdown. These funds have therefore not served to stabilize the economy in the Corona crisis but, as a means of selective industrial policy, clearly have the character of financial aid. Against the backdrop of the establishment of a special fund for defense purposes worth 100 billion euros, the authors suggest that not only future generations should be called upon to provide the counter-financing, but that in addition current subsidies should be reduced.},
 author = {Laaser, Claus-Friedrich and Rosenschon, Astrid},
 year = {2022},
 title = {Die Bundesausgaben in Zeiten von Corona im Fokus des Kieler Bundesausgabenmonitors: Eine Strukturanalyse},
 url = {https://www.ifw-kiel.de/fileadmin/Dateiverwaltung/IfW-Publications/-ifw/Kieler_Beitraege_zur_Wirtschaftspolitik/2022/wipo_41.pdf},
 keywords = {Bundesausgaben;Deutschland;federal spending;fiscal policy and budget;Fiskalpolitik und Haushalt;Germany;Steuerpolitik;subsidies;subsidy reduction;Subventionen;Subventionsabbau;tax policy},
 address = {Kiel},
 volume = {Nr. 41 (September 2022)},
 publisher = {{Kiel Institut f{\"u}r Weltwirtschaft - Leibniz Zentrum zur Erforschung globaler {\"o}konomischer Herausforderungen}},
 isbn = {9783894563561},
 series = {Kieler Beitr{\"a}ge zur Wirtschaftspolitik},
 doi = {265142},
 file = {wipo{\_}41:Attachments/wipo{\_}41.pdf:application/pdf}
}


@book{Lanzer.2020,
 author = {Lanzer, Florian and Sauberschwarz, Lucas and Wei{\ss}, Lysander},
 year = {2020},
 title = {Erfolgreich durch die Krise: Strategieentwicklung in Zeiten von Finanzkrise bis Corona},
 price = {(Festeinband : circa EUR 14.99 (DE), circa EUR 15.41 (AT), circa CHF 17.00 (freier Preis))},
 address = {Wiesbaden and Heidelberg},
 publisher = {{Springer Gabler}},
 isbn = {978-3-658-30542-0},
 series = {essentials},
 institution = {{Springer Fachmedien Wiesbaden}},
 doi = {10.1007/978-3-658-30543-7}
}


@book{Metwaly.2022,
 author = {Metwaly, Jousaf},
 year = {2022},
 title = {Wirtschaftspolitik in den USA. Ma{\ss}nahmen zur Milderung der wirtschaftlichen Folgen der Coronapandemie},
 keywords = {coronapandemie;COVID-19;folgen;Geldpolitik;ma{\ss}nahmen;milderung;Pandemie;SARS-CoV-2;USA;Wirtschaftskrise;Wirtschaftspolitik},
 address = {M{\"u}nchen},
 edition = {1. Auflage, digitale Originalausgabe},
 publisher = {{GRIN Verlag}},
 isbn = {9783346725530}
}


@article{Michler.2009,
 author = {Michler, Albrecht F. and Thieme, H. J{\"o}rg},
 year = {2009},
 title = {Finanzmarktkrise: Marktversagen oder Staatsversagen? / Financial crisis: Failure of markets or politics?},
 pages = {185--222},
 volume = {60},
 number = {1},
 issn = {0048-2129},
 journal = {ORDO},
 doi = {10.1515/ordo-2009-0111}
}


@book{Pillmann.2022,
 author = {Pillmann, Virginia},
 year = {2022},
 title = {Wirtschafts-und Politikprobleme durch die Corona-Krise in der EU bzw. der Eurozone. Konjunktur-und Wachstumsaspekte},
 keywords = {Corona-Krise;COVID-19;EU;Eurozone;Fiskalpolitik;Geldpolitik;Pandemie;Wirtschaftskrise;Wirtschaftspolitik;Wirtschaftswachstum},
 address = {M{\"u}nchen},
 edition = {1. Auflage, digitale Originalausgabe},
 publisher = {{GRIN Verlag}},
 isbn = {9783346607515}
}


@incollection{Ruckriegel.2012,
 author = {Ruckriegel, Karlheinz},
 title = {Das Verhalten der EZB w{\"a}hrend der Finanzkrisen(n) - Update},
 pages = {45--68},
 publisher = {Metropolis-Verl.},
 isbn = {389518926X},
 editor = {Sauer, Thomas},
 booktitle = {Die Zukunft der Europ{\"a}ischen W{\"a}hrungsunion},
 year = {2012},
 address = {Marburg}
}


@book{Sauer.2012,
 year = {2012},
 title = {Die Zukunft der Europ{\"a}ischen W{\"a}hrungsunion: Kritische Analysen},
 price = {Pb. : EUR 19.80 (DE), EUR 20.40 (AT)},
 address = {Marburg},
 publisher = {Metropolis-Verl.},
 isbn = {389518926X},
 editor = {Sauer, Thomas}
}


@article{Scharff.2009,
 author = {Scharff, Juliane},
 year = {2009},
 title = {Chronik der Weltfinanzkrise},
 pages = {5--7},
 number = {15.2009, Themenheft},
 journal = {Wirtschaft im Wandel}
}


@article{Schilling.2021,
 abstract = {Seit Anfang M{\"a}rz 2020 wurde in Deutschland eine deutliche Zunahme der COVID-19-F{\"a}lle beobachtet, mit einem H{\"o}hepunkt von etwa 35.000 F{\"a}llen in der Meldewoche 14/2020. Im folgenden Sommer wurden zun{\"a}chst deutlich r{\"u}ckl{\"a}ufige Fallzahlen beobachtet. Diese waren insbesondere auf Ausbr{\"u}che in Gemeinschaftsunterk{\"u}nften, fleischverarbeitenden Betrieben und auf Einreisende zur{\"u}ckzuf{\"u}hren. Im Sp{\"a}tsommer stieg die Anzahl {\"u}bermittelter F{\"a}lle erneut an und m{\"u}ndete in einem starten exponentiellen Anstieg zum Herbst 2020. Um {\"A}nderungen im Gesamtgeschehen erkennen und interpretieren zu k{\"o}nnen, ist es erforderlich den Verlauf basierend auf den verf{\"u}gbaren Daten in klar definierte Phasen einzuteilen. Dazu sind objektive Kriterien notwendig, die unterschiedliche Zeitr{\"a}ume m{\"o}glichst klar voneinander trennen. Die Phaseneinteilung anhand epidemiologischer Parameter soll eine Grundlage f{\"u}r zuk{\"u}nftige Auswertungen und Darstellungen schaffen und Vergleiche (z. B. zur Transmission, individuellen klinischen Schwere und zur Belastung des Gesundheitswesen) innerhalb der verschiedenen Phasen erm{\"o}glichen.},
 author = {Schilling, Julia and Buda, Silke and Fischer, Martina and Goerlitz, Luise and Grote, Ulrike and Haas, Walter and Hamouda, Osamah and Prahm, Kerstin and Tolksdorf, Kristin},
 year = {2021},
 title = {Retrospektive Phaseneinteilung der COVID-19-Pandemie in Deutschland bis Februar 2021},
 pages = {9--15},
 number = {15},
 journal = {Robert Koch-Institut},
 doi = {10.25646/8149},
 file = {Schilling, Buda et al. 2021 - Retrospektive Phaseneinteilung der COVID-19-Pandemie:Attachments/Schilling, Buda et al. 2021 - Retrospektive Phaseneinteilung der COVID-19-Pandemie.pdf:application/pdf}
}


@book{Schindela.2019,
 author = {Schindela, Andr{\'e}},
 year = {2019},
 title = {Theoretische Einordnung der wirtschaftspolitischen Reaktionen auf die Finanzmarktkrise im Jahr 2008},
 address = {M{\"u}nchen},
 edition = {1. Auflage, digitale Originalausgabe},
 publisher = {{GRIN Verlag}},
 isbn = {9783668923706}
}


@book{Schlothmann.2017,
 abstract = {Intro -- Vorwort -- Inhaltsverzeichnis -- 1 Einleitung -- Literatur -- 2 Wichtige makro{\"o}konomische Kennzahlen -- 2.1 Bruttoinlandsprodukt (BIP) -- 2.2 Besch{\"a}ftigung und Arbeitslosigkeit -- 2.3 Preisniveau und Inflation -- 2.4 Zinsen -- 2.5 Wechselkurs -- 2.6 Zahlungsbilanz, Leistungsbilanz, Handelsbilanz -- 2.7 Zusammenfassung -- Literatur -- 3 Der Modellrahmen -- 3.1 Die makro{\"o}konomische Produktionsfunktion -- 3.2 G{\"u}termarkt- und Geldmarktgleichgewicht (IS-LM) -- 3.2.1 Das G{\"u}termarktgleichgewicht: IS-Kurve -- 3.2.2 Die IS-Kurve bei einer gro{\ss}en offenen Volkswirtschaft -- 3.2.3 Das Geldmarktgleichgewicht: LM-Kurve -- 3.2.4 Das gesamtwirtschaftliche Gleichgewicht -- 3.3 Aggregiertes Angebot/ Aggregierte Nachfrage (AS-AD) -- 3.4 Arbeitsmarkt -- 3.5 Devisenmarkt -- 3.6 Zusammenfassung -- Literatur -- 4 Makro{\"o}konomische Konjunkturtheorien -- 4.1 Der Konjunkturzyklus -- 4.2 Makro{\"o}konomische Schocks -- 4.3 Neuklassische Konjunkturtheorie -- 4.4 Keynesianische Konjunkturtheorie -- 4.5 Auswirkungen von Schocks -- 4.5.1 Positiver monet{\"a}rer Schock (Ausweitung der Geldmenge) -- 4.5.2 Positiver fiskalpolitischer Schock (Ausweitung der Staatsausgaben) -- 4.5.3 Positiver Angebotsschock (Anstieg der Produktivit{\"a}t) -- 4.6 Zusammenfassung -- Literatur -- 5 Die US-Wirtschaft bei Trumps Amtsantritt -- 5.1 Bruttoinlandsprodukt/ Wirtschaftswachstum -- 5.2 Arbeitsmarkt -- 5.3 Inflation -- 5.4 Zinsen und Geldpolitik der Federal Reserve -- 5.5 Staatshaushalt / Staatsschulden / Private Schulden -- 5.6 USD Wechselkurs -- 5.7 Leistungsbilanz und Auslandsverm{\"o}gen -- 5.8 Zusammenfassung -- Literatur -- 6 Die Auswirkungen von Trumps Vorhaben -- 6.1 Bau einer Grenzmauer zu Mexiko -- 6.1.1 Neuklassische Konjunkturtheorie -- 6.1.2 Keynesianische Konjunkturtheorie -- 6.2 Investitionen in die Infrastruktur -- 6.2.1 Neuklassische Konjunkturtheorie.},
 author = {Schlothmann, Daniel},
 year = {2017},
 title = {Trumponomics: Was Pr{\"a}sident Trumps Vorhaben f{\"u}r die US- und Weltwirtschaft bedeuten},
 url = {https://ebookcentral.proquest.com/lib/kxp/detail.action?docID=5044336},
 address = {Wiesbaden},
 publisher = {{Springer Fachmedien Wiesbaden}},
 isbn = {978-3-658-18781-1}
}


@misc{StatistischesBundesamt.05.07.2022,
 abstract = {Hier finden Sie wichtige Wirtschaftsindikatoren mit Bezug auf die Corona-Pandemie (COVID-19).Sie zeigen die wirtschaftlichen Auswirkungen der Corona-Pandemie in Deutschland auf ausgew{\"a}hlte Branchen.},
 author = {{Statistisches Bundesamt}},
 year = {05.07.2022},
 title = {Auswirkungen der Corona-Pandemie auf Wirtschaft und Konjunktur (in Deutschland)},
 url = {https://www.destatis.de/DE/Themen/Querschnitt/Corona/Wirtschaft/kontextinformationen-wirtschaft.html#410470},
 urldate = {08.12.2022}
}


@article{Url.2009,
 author = {Url, Thomas},
 year = {2009},
 title = {Finanzmarktkrise: Entstehung, kurzfristige Reaktion und langfristiger Anpassungsbedarf},
 pages = {909--931},
 number = {82.2009, 12},
 journal = {Monatsberichte / WIFO, {\"O}sterreichisches Institut f{\"u}r Wirtschaftsforschung}
}


@article{Wolter.2020,
 author = {Wolter, Marc Ingo and {Helmrich Robert} and {Schneemann Christian} and Weber, Enzo and Zika, Gerd},
 year = {2020},
 title = {Auswirkungen des Corona-Konjunkturprogramms auf Wirtschaft und Erwerbst{\"a}tigkeit},
 pages = {6--17},
 number = {18},
 journal = {IAB-DISCUSSION PAPER}
}


@book{Zinn.2010,
 author = {Zinn, Karl Georg},
 year = {2010},
 title = {Renaissance des Keynesianismus-Keynesianische Wirtschaftspolitik gegen die Krise},
 url = {https://wug.akwien.at/wug_archiv/2010_36_1/2010_36_1_0009.pdf},
 file = {Renaissance des Keynesianismus-Keynesianische Wirtschaftspolitik 2010:Attachments/Renaissance des Keynesianismus-Keynesianische Wirtschaftspolitik 2010.pdf:application/pdf;Renaissance:Attachments/Renaissance.pdf:application/pdf}
}


