% This file was created with Citavi 6.14.0.0

@misc{KPMGAGWirtschaftsprufungsgesellschaft.25.06.2022,
 abstract = {Der Gro{\ss}teil der Unternehmen besch{\"a}ftigt sich mit der Wahl des richtigen Cloud-Modells oder der Optimierung der bestehenden Cloud-Infrastruktur.},
 author = {{KPMG AG Wirtschaftspr{\"u}fungsgesellschaft}},
 year = {25.06.2022},
 title = {Cloud-Monitor 2022 - KPMG AG Wirtschaftspr{\"u}fungsgesellschaft},
 url = {https://hub.kpmg.de/cloud-monitor-2022?utm_campaign=Cloud-Monitor%202022&utm_source=aem},
 urldate = {29.06.2022}
}


@misc{Link.2020,
 author = {Link, Michael},
 year = {2020},
 title = {Was hat Pizza mit Clouds zu tun?},
 url = {https://www.heise.de/select/ct/2020/12/2012010512610826025/bildschirmfoto_2020_05_18_um_12.18.55.png},
 urldate = {28.06.2022}
}


@book{Mandl.2020,
 abstract = {Die hier vorliegende 5. Auflage des Lehrbuchs eignet sich f{\"u}r Studierende der Fachrichtungen Informatik und Wirtschaftsinformatik, BWL und Elektronik mit Schwerpunkt Informationsverarbeitung sowie f{\"u}r Praktiker*innen in der Informationstechnologie. Der Vergleich der Inhaltsverzeichnisse zeigt, dass die grundlegende Struktur beibehalten wurde. Hinzugekommen sind laut Autor Fehlerbehebungen, Aktualisierung einzelner Kapitel und Komprimierungen. Entfernt wurden die C{\#}-Beispiele zur Synchronisation und einige Aspekte der Kommunikation. Neu hinzugekommen in einzelnen Kapiteln das Betriebssystem macOS. Begleitende Informationen bietet der Autor auf seiner Internetseite an. Die alte Auflage kann verbraucht werden. (3)},
 author = {Mandl, Peter},
 year = {2020},
 title = {Grundkurs Betriebssysteme: Architekturen, Betriebsmittelverwaltung, Synchronisation, Prozesskommunikation, Virtualisierung},
 url = {http://www.springer.com/},
 price = {Broschur : EUR 32.99 (DE), circa EUR 33.92 (AT), circa CHF 36.50 (freier Preis)},
 address = {Wiesbaden and Heidelberg},
 edition = {5., aktualisierte Auflage},
 publisher = {{Springer Vieweg}},
 isbn = {978-3-658-30546-8},
 series = {Lehrbuch},
 institution = {{Springer Vieweg}}
}


@misc{Mell.2011,
 abstract = {Cloud computing is a model for enabling ubiquitous, convenient, on-demand network access to a shared pool of configurable computing resources (e.g., networks, s},
 author = {Mell, Peter and Grance, Timothy},
 year = {2011},
 title = {The NIST Definition of Cloud Computing},
 url = {https://www.nist.gov/publications/nist-definition-cloud-computing},
 urldate = {29.06.2022},
 file = {Peter M. Mell, Timothy Grance 2011 - The NIST Definition of Cloud:Attachments/Peter M. Mell, Timothy Grance 2011 - The NIST Definition of Cloud.pdf:application/pdf}
}


@misc{o.V..07.12.2020,
 author = {{o. V.}},
 editor = {Wikipedia},
 year = {07.12.2020},
 title = {Cloud Computing {\"U}bersicht},
 url = {https://upload.wikimedia.org/wikipedia/commons/thumb/b/b5/Cloud_computing.svg/400px-Cloud_computing.svg.png},
 urldate = {28.06.2022}
}


@misc{o.V..2020,
 abstract = {Cloud-Computing ist die Bereitstellung von IT-Ressourcen bei Bedarf {\"u}ber das Internet. Informieren Sie sich {\"u}ber Cloud-Computing-L{\"o}sungen von IBM.},
 author = {{o. V.}},
 year = {2020},
 title = {Was ist Cloud-Computing?},
 url = {https://www.ibm.com/de-de/cloud/learn/cloud-computing-gbl},
 urldate = {28.06.2022}
}


@misc{o.V..2022,
 abstract = {Cloud Computing (deutsch Rechnerwolke oder Datenwolke) beschreibt ein Modell, das bei Bedarf -- meist {\"u}ber das Internet und ger{\"a}teunabh{\"a}ngig -- zeitnah und mit wenig Aufwand geteilte Computerressourcen als Dienstleistung, etwa in Form von Servern, Datenspeicher oder Applikationen, bereitstellt und nach Nutzung abrechnet. Angebot und Nutzung dieser Computerressourcen ist definiert und erfolgt in der Regel {\"u}ber eine Programmierschnittstelle (API) bzw. f{\"u}r Anwender {\"u}ber eine Website oder App.Das National Institute of Standards and Technology definiert f{\"u}nf notwendige Merkmale f{\"u}r Cloud Computing:

On-demand self-service

Der Nutzer kann Leistungen einseitig und ohne menschliche Interaktion bei Bedarf bereitstellen lassen (Selbstbedienung).

Broad network access

Die Leistungen sind {\"u}ber das Netzwerk mit Standardmechanismen erreichbar, welche die Nutzung mit heterogenen Endger{\"a}ten wie Smartphones, Tablets, Notebooks oder Workstations f{\"o}rdern.

Resource pooling

Die Computerressourcen des Anbieters werden zusammengefasst, um mehrere Nutzer nach dem Mehrmandantenprinzip bedarfsgerecht bedienen zu k{\"o}nnen. Damit einhergehend hat der Nutzer in der Regel keine Kontrolle dar{\"u}ber, mit welchen Computerressourcen die Leistung erbracht wird (z. B. auf welchem Server oder mit welcher Datenbank).

Rapid elasticity

Die Leistung kann elastisch bereitgestellt und freigegeben werden, um bedarfsgerecht, in manchen F{\"a}llen automatisch, hoch und runter skalieren zu k{\"o}nnen. Aus Sicht des Nutzers scheinen die verf{\"u}gbaren Computerressourcen unbegrenzt und Leistungen k{\"o}nnen jederzeit in beliebiger H{\"o}he angepasst werden.

Measured service

Cloud-Systeme steuern und optimieren Computerressourcen anhand von messbaren Zahlen, die, abh{\"a}ngig von der jeweiligen Leistung, erhoben werden wie etwa Speicher, Bandbreite oder aktive Benutzerkonten. Die Nutzung der Leistung kann {\"u}berwacht, gesteuert und als Bericht bereitgestellt werden, um die Transparenz f{\"u}r den Nutzer wie auch den Anbieter gew{\"a}hrleisten zu k{\"o}nnen.Diese Definition ist heute weitgehend akzeptiert. Cloud Computing geht damit {\"u}ber andere diskutierte Ans{\"a}tze (z. B. Virtualisierung) hinaus. Unter der Bedingung einer {\"o}ffentlichen Verf{\"u}gbarkeit, {\"a}hnlich beispielsweise dem {\"o}ffentlichen Telefonnetz, kann man Cloud Computing je nach Architektur auch als Summe von Software as a Service (SaaS) und Utility Computing ansehen.},
 author = {{o. V.}},
 editor = {Wikipedia},
 year = {2022},
 title = {Cloud Computing},
 url = {https://de.wikipedia.org/w/index.php?title=Cloud_Computing&oldid=223652839},
 urldate = {6/28/2022},
 doi = {Page},
 file = {Wikipedia (Hg.) 2022 - Cloud Computing:Attachments/Wikipedia (Hg.) 2022 - Cloud Computing.pdf:application/pdf}
}


@misc{o.V..27.06.2022,
 abstract = {Erfahren Sie, was man unter Cloud-Computing versteht und wie Sie es in Ihrem Unternehmen anwenden k{\"o}nnen.},
 author = {{o. V.}},
 year = {27.06.2022},
 title = {Was versteht man unter Cloud-Computing?},
 url = {https://www.oracle.com/de/cloud/what-is-cloud-computing/},
 urldate = {28.06.2022}
}


@book{Pohlmann.2022,
 author = {Pohlmann, Norbert},
 year = {2022},
 title = {Cyber-Sicherheit: Das Lehrbuch f{\"u}r Konzepte, Prinzipien, Mechanismen, Architekturen und Eigenschaften von Cyber-Sicherheitssystemen in der Digitalisierung},
 url = {http://www.springer.com/},
 price = {(Festeinband : circa EUR 32.99 (DE), circa EUR 33.92 (AT), circa CHF 36.50 (freier Preis), circa EUR 30.83)},
 address = {Wiesbaden},
 edition = {2. Auflage},
 publisher = {{Springer Vieweg}},
 isbn = {978-3-658-36242-3},
 institution = {{Springer Vieweg}},
 doi = {10.1007/978-3-658-36243-0}
}


